<?xml version="1.0" encoding="UTF-8"?><record xmlns="http://www.loc.gov/MARC21/slim" xmlns:cinclude="http://apache.org/cocoon/include/1.0" xmlns:zs="http://www.loc.gov/zing/srw/">
  <leader>00503nz  a2200157n  4500</leader>
  <controlfield tag="001">no2011050937</controlfield>
  <controlfield tag="003">DLC</controlfield>
  <controlfield tag="005">20110401075249.0</controlfield>
  <controlfield tag="008">110330n| acannaabn          |a aaa     c</controlfield>
  <datafield tag="010" ind1=" " ind2=" ">
    <subfield code="a">no2011050937</subfield>
  </datafield>
  <datafield tag="035" ind1=" " ind2=" ">
    <subfield code="a">(OCoLC)oca08814277</subfield>
  </datafield>
  <datafield tag="040" ind1=" " ind2=" ">
    <subfield code="a">KOpJCAV</subfield>
    <subfield code="b">eng</subfield>
    <subfield code="c">KOpJCAV</subfield>
  </datafield>
  <datafield tag="100" ind1="1" ind2=" ">
    <subfield code="a">Fisher-Isaacs, Melissa</subfield>
  </datafield>
  <datafield tag="400" ind1="1" ind2=" ">
    <subfield code="a">Isaacs, Melissa Fisher-</subfield>
  </datafield>
  <datafield tag="670" ind1=" " ind2=" ">
    <subfield code="a">Johnson County, Kansas, 2009:</subfield>
    <subfield code="b">t.p. (Melissa Fisher Isaacs)</subfield>
  </datafield>
  <datafield tag="670" ind1=" " ind2=" ">
    <subfield code="a">Johnson County Musuem website, Mar. 29, 2011</subfield>
    <subfield code="b">Staff page (Melissa Fisher-Isaacs)</subfield>
  </datafield>
</record>